@misc{misc/BarnettLMS,
  author = {Mike Barnett and
            K. Rustan M. Leino and
            Michal Moskal and
            Wolfram Schulte},
  title  = {Boogie: An Intermediate Verification Language},
  note   = {\url{http://research.microsoft.com/en-us/projects/boogie/}}
}

@inproceedings{conf/cav/LalQL12,
  author    = {Akash Lal and
               Shaz Qadeer and
               Shuvendu K. Lahiri},
  title     = {A Solver for Reachability Modulo Theories},
  booktitle = {CAV '12},
  series    = {LNCS},
  volume    = {7358},
  pages     = {427-443},
  ee        = {http://dx.doi.org/10.1007/978-3-642-31424-7_32},
  bibsource = {DBLP, http://dblp.uni-trier.de}
}

@inproceedings{conf/pldi/QadeerW04,
  author    = {Shaz Qadeer and Dinghao Wu},
  title     = {{KISS}: Keep it simple and sequential},
  booktitle = {PLDI '04: Proc. ACM SIGPLAN Conference on Programming Language
                  Design and Implementation},
  publisher = {ACM},                  
  year      = {2004},
  pages     = {14-24}
}

@inproceedings{conf/tacas/QadeerR05,
  author    = {Shaz Qadeer and
               Jakob Rehof},
  title     = {Context-Bounded Model Checking of Concurrent Software},
  booktitle = {TACAS '05: Proc. 11th International Conference on Tools and
                  Algorithms for the Construction and Analysis of Systems},
  publisher = {Springer},
  series    = {LNCS},
  volume    = {3440},
  year      = {2005},
  pages     = {93-107}
}

@inproceedings{conf/pldi/MusuvathiQ07,
  author    = {Madanlal Musuvathi and
               Shaz Qadeer},
  title     = {Iterative context bounding for systematic testing of multithreaded
               programs},
  booktitle = {PLDI '07: Proc. ACM SIGPLAN 2007 Conference on Programming
               Language Design and Implementation},
  publisher = {ACM},
  year      = {2007},
  pages     = {446-455},
  ee        = {http://doi.acm.org/10.1145/1250734.1250785},
  bibsource = {DBLP, http://dblp.uni-trier.de}
}

@article{journals/fmsd/LalR09,
  author    = {Akash Lal and
               Thomas W. Reps},
  title     = {Reducing concurrent analysis under a context bound to sequential
               analysis},
  journal   = {Formal Methods in System Design},
  volume    = {35},
  number    = {1},
  year      = {2009},
  pages     = {73-97}
}

@inproceedings{conf/cav/TorreMP09,
  author    = {Salvatore {La~Torre} and
               P. Madhusudan and
               Gennaro Parlato},
  title     = {Reducing Context-Bounded Concurrent Reachability to Sequential
               Reachability},
  booktitle = {CAV '09: Proc. 21st International Conference on
                  Computer Aided Verification},
  publisher = {Springer},
  series    = {LNCS},
  volume    = {5643},
  year      = {2009},
  pages     = {477-492}
}

@inproceedings{conf/cav/TorreMP10,
  author    = {Salvatore {La~Torre} and
               P. Madhusudan and
               Gennaro Parlato},
  title     = {Model-Checking Parameterized Concurrent Programs Using Linear
                  Interfaces},
  booktitle = {CAV '10: Proc. 22nd International Conference on
                  Computer Aided Verification},
  publisher = {Springer},
  series    = {LNCS},
  volume    = {6174}, 
  year      = {2010},
  pages     = {629-644}
}

@inproceedings{journals/corr/abs-1207-4271,
  author = {Torre, Salvatore La and Madhusudan, P. and Parlato, Gennaro},
  title = {Sequentializing Parameterized Programs},
  booktitle = {FIT'12: 4th International Workshop
on Foundations of Interface Technologies},
  series = {EPTCS},
  volume = 87,
  year = 2012,
  pages = {34-47},
}

@inproceedings{conf/spin/KiddJV10,
  author    = {Nicholas Kidd and
               Suresh Jagannathan and
               Jan Vitek},
  title     = {One Stack to Run Them All: Reducing Concurrent Analysis to
                  Sequential Analysis under Priority Scheduling},
  booktitle = {SPIN '10: Proc. 17th International Workshop on Model Checking Software},
  publisher = {Springer},
  series    = {LNCS},
  volume    = {6349}, 
  year      = {2010},
  pages     = {245-261},
  ee        = {http://dx.doi.org/10.1007/978-3-642-16164-3_18},
  bibsource = {DBLP, http://dblp.uni-trier.de}
}

@inproceedings{conf/spin/GhafariHR10,
  author    = {Naghmeh Ghafari and
               Alan J. Hu and
               Zvonimir Rakamari\'c},
  title     = {Context-Bounded Translations for Concurrent Software: {A}n
               Empirical Evaluation},
  booktitle = {SPIN '10: Proc. 17th International Workshop on Model Checking Software},
  publisher = {Springer},
  series    = {LNCS},
  volume    = {6349}, 
  year      = {2010},
  pages     = {227-244},
  ee        = {http://dx.doi.org/10.1007/978-3-642-16164-3_17},
  bibsource = {DBLP, http://dblp.uni-trier.de}
}

@inproceedings{conf/popl/EmmiQR11,
  author    = {Michael Emmi and
               Shaz Qadeer and
               Zvonimir Rakamaric},
  title     = {Delay-bounded scheduling},
  booktitle = {POPL '11: Proc. 38th ACM SIGPLAN-SIGACT Symposium on
               Principles of Programming Languages},
  publisher = {ACM},
  year      = {2011},
  pages     = {411-422},
  ee        = {http://doi.acm.org/10.1145/1926385.1926432},
  bibsource = {DBLP, http://dblp.uni-trier.de}
}

@inproceedings{conf/sas/BouajjaniEP11,
  author    = {Ahmed Bouajjani and
               Michael Emmi and
               Gennaro Parlato},
  title     = {On Sequentializing Concurrent Programs},
  booktitle = {SAS '11: Proc. 18th International Symposium on Static 
			   Analysis},
  publisher = {Springer},
  series    = {LNCS},
  volume    = {6887},
  year      = {2011},
  pages     = {129-145},
  ee        = {http://dx.doi.org/10.1007/978-3-642-23702-7_13},
  bibsource = {DBLP, http://dblp.uni-trier.de}
}

@inproceedings{conf/tacas/GargM11,
  author    = {Pranav Garg and
               P. Madhusudan},
  title     = {Compositionality Entails Sequentializability},
  booktitle = {TACAS '11: Proc. 17th International Conference on Tools and Algorithms for the Construction and Analysis of
               Systems},
  publisher = {Springer},
  series    = {LNCS},
  volume    = {6605},
  year      = {2011},
  pages     = {26-40},
}

@inproceedings{conf/popl/BouajjaniE12,
  author    = {Ahmed Bouajjani and
               Michael Emmi},
  title     = {Analysis of recursively parallel programs},
  booktitle = {POPL '12: Proc. 39th ACM SIGPLAN-SIGACT Symposium on
               Principles of Programming Languages},
  publisher = {ACM},
  year      = {2012},
  pages     = {203-214},
  ee        = {http://doi.acm.org/10.1145/2103656.2103681},
  bibsource = {DBLP, http://dblp.uni-trier.de}
}

@inproceedings{conf/tacas/BouajjaniE12,
  author    = {Ahmed Bouajjani and Michael Emmi},
  title     = {Bounded Phase Analysis of Message-Passing Programs},
  booktitle = {TACAS '12: Proc. 18th International Conference on Tools and Algorithms for the Construction and Analysis of Systems},
  publisher = {Springer},
  series    = {LNCS},
  year      = {2012},
}

@inproceedings{conf/cav/AtigBEL12,
  author    = {Mohamed Faouzi Atig and
               Ahmed Bouajjani and
               Michael Emmi and
               Akash Lal},
  title     = {Detecting Fair Non-Termination in Multithreaded Programs},
  booktitle = {CAV '12: Proc. 24th International Conference on Computer Aided
                  Verification},
  publisher = {Springer},
  series    = {LNCS},
  year      = {2012},
}

@inproceedings{conf/sas/EmmiL12,
  author    = {Michael Emmi and
               Akash Lal},
  title     = {Finding Non-Terminating Executions in Distributed Asynchronous 
				Programs},
  booktitle = {SAS '12: Proc. 19th International Static Analysis Symposium},
  publisher = {Springer},
  series    = {LNCS},
  year      = {2012},
}

@inproceedings{conf/fse/EmmiLQ12,
  author    = {Michael Emmi and
               Akash Lal and
               Shaz Qadeer},
  title     = {Asynchronous programs with prioritized task-buffers},
  booktitle = {SIGSOFT FSE '12: Proc. 20th ACM SIGSOFT Symposium on the Foundations of Software
               Engineering},
  publisher = {ACM},
  year      = {2012},
  pages     = {48},
  ee        = {http://doi.acm.org/10.1145/2393596.2393652},
  bibsource = {DBLP, http://dblp.uni-trier.de}
}

@incollection{book/SharirP81,
  author    = {Micha Sharir and Amir Pnueli},
  title     = {Two Approaches to Interprocedural Data-Flow Analysis},
  booktitle = {Program Flow Analysis: Theory and Applications},
  editor = {Steven S. Muchnick and Neil D. Jones},
  chapter = {7},
  publisher = {Prentice-Hall},
  year      = {1981},
  pages     = {189--234},
}

@inproceedings{conf/popl/RepsHS95,
  author    = {Thomas W. Reps and
               Susan Horwitz and
               Shmuel Sagiv},
  title     = {Precise Interprocedural Dataflow Analysis via Graph
                  Reachability},
  booktitle = {POPL '95: Proc. 22th ACM SIGPLAN-SIGACT Symposium on Principles
                  of Programming Languages},
  publisher = {ACM},
  year      = {1995},
  pages     = {49-61}
}

@inproceedings{conf/cav/SenV06,
  author    = {Koushik Sen and
               Mahesh Viswanathan},
  title     = {Model Checking Multithreaded Programs with Asynchronous
               Atomic Methods},
  booktitle = {CAV '06: Proc. 18th International Conference on
                  Computer Aided Verification},
  publisher = {Springer},
  series    = {LNCS},
  volume    = {4144},
  year      = {2006},
  pages     = {300-314}
}

@inproceedings{conf/popl/JhalaM07,
  author    = {Ranjit Jhala and
               Rupak Majumdar},
  title     = {Interprocedural analysis of asynchronous programs},
  booktitle = {POPL '07: Proc. 34th ACM SIGPLAN-SIGACT Symposium on
               Principles of Programming Languages},
  publisher = {ACM},
  year      = {2007},
  pages     = {339-350}
}

@article{journals/toplas/GantyM12,
  author    = {Pierre Ganty and
               Rupak Majumdar},
  title     = {Algorithmic verification of asynchronous programs},
  journal   = {ACM Trans. Program. Lang. Syst.},
  volume    = {34},
  number    = {1},
  year      = {2012},
  pages     = {6},
  ee        = {http://doi.acm.org/10.1145/2160910.2160915},
  bibsource = {DBLP, http://dblp.uni-trier.de}
}
